<record><leader>00000cas a2200000 a 4500</leader><controlfield tag="001">17194440</controlfield><controlfield tag="008">871205c19879999azumr n       0   a0eng d</controlfield><datafield ind1=" " ind2=" " tag="010"><subfield code="a">sn 97060244 </subfield></datafield><datafield ind1=" " ind2=" " tag="040"><subfield code="a">AZU</subfield><subfield code="b">eng</subfield><subfield code="c">AZU</subfield><subfield code="d">ANN</subfield><subfield code="d">OCL</subfield><subfield code="d">ANN</subfield><subfield code="d">OCLCQ</subfield><subfield code="d">OCLCF</subfield><subfield code="d">OCLCO</subfield></datafield><datafield ind1="1" ind2=" " tag="029"><subfield code="a">AU@</subfield><subfield code="b">000013796908</subfield></datafield><datafield ind1=" " ind2=" " tag="037"><subfield code="b">4720 E. Mission Hill Drive, Tucson, AZ, 85718</subfield></datafield><datafield ind1=" " ind2=" " tag="042"><subfield code="a">msc</subfield></datafield><datafield ind1=" " ind2=" " tag="043"><subfield code="a">n-us-az</subfield></datafield><datafield ind1=" " ind2=" " tag="090"><subfield code="a">F819.T9</subfield><subfield code="b">D465</subfield></datafield><datafield ind1="0" ind2="4" tag="245"><subfield code="a">The Desert leaf.</subfield></datafield><datafield ind1=" " ind2=" " tag="260"><subfield code="a">Tucson, Ariz. :</subfield><subfield code="b">Desert Leaf Publications,</subfield><subfield code="c">1987-</subfield></datafield><datafield ind1=" " ind2=" " tag="300"><subfield code="a">v. :</subfield><subfield code="b">ill. ;</subfield><subfield code="c">43 cm.</subfield></datafield><datafield ind1="0" ind2=" " tag="362"><subfield code="a">Vol. 1, no. 1 (Oct. 1987)-</subfield></datafield><datafield ind1=" " ind2="0" tag="651"><subfield code="a">Tucson (Ariz.)</subfield><subfield code="v">Newspapers.</subfield></datafield><datafield ind1=" " ind2="0" tag="651"><subfield code="a">Pima County (Ariz.)</subfield><subfield code="v">Newspapers.</subfield></datafield><datafield ind1=" " ind2="7" tag="655"><subfield code="a">Newspapers.</subfield><subfield code="2">fast</subfield><subfield code="0">(OCoLC)fst01423814</subfield></datafield><datafield ind1=" " ind2="7" tag="651"><subfield code="a">Arizona</subfield><subfield code="z">Pima County.</subfield><subfield code="2">fast</subfield><subfield code="0">(OCoLC)fst01205717</subfield></datafield><datafield ind1=" " ind2="7" tag="651"><subfield code="a">Arizona</subfield><subfield code="z">Tucson.</subfield><subfield code="2">fast</subfield><subfield code="0">(OCoLC)fst01205454</subfield></datafield><datafield ind1=" " ind2=" " tag="752"><subfield code="a">United States</subfield><subfield code="b">Arizona</subfield><subfield code="c">Pima</subfield><subfield code="d">Tucson.</subfield></datafield></record>